
@online{GreenCommunities2016,
  author = {Green Communities Canada},
  title = {Ontario Active School Travel Fund},
  year = {2020},
  url = {https://ontarioactiveschooltravel.ca/ontario-active-school-travel-fund/}
}

@online{GreenCommunitiesProjects,
  author = {Green Communities Canada},
  title = {OAST Fund Project Directory},
  year = {2020},
  url = {https://ontarioactiveschooltravel.ca/wp-content/uploads/2020/10/OAST-Fund-Matrix-Directory.pdf}
}

@article{albalawiUsingTopicModeling2020,
  title = {Using {{Topic Modeling Methods}} for {{Short}}-{{Text Data}}: A {{Comparative Analysis}}},
  shorttitle = {Using {{Topic Modeling Methods}} for {{Short}}-{{Text Data}}},
  author = {Albalawi, Rania and Yeap, Tet Hin and Benyoucef, Morad},
  year = {2020},
  journal = {Frontiers in Artificial Intelligence},
  volume = {3},
  pages = {42},
  issn = {2624-8212},
  doi = {10.3389/frai.2020.00042}
}

@article{badlandDevelopmentSystemsModel2016,
  title = {Development of a Systems Model to Visualise the Complexity of Children's Independent Mobility},
  author = {Badland, Hannah and Kearns, Robin and Carroll, Penelope and Oliver, Melody and Mavoa, Suzanne and Donovan, Phil and Parker, Karl and Chaudhury, Moushumi and Lin, En-Yi and Witten, Karen},
  year = {2016},
  month = jan,
  journal = {Children's Geographies},
  volume = {14},
  number = {1},
  pages = {91--100},
  publisher = {{Routledge}},
  issn = {1473-3285},
  doi = {10.1080/14733285.2015.1021240}
}

@article{borrestadExperiencesRandomisedControlled2012,
  title = {Experiences from a Randomised, Controlled Trial on Cycling to School: Does Cycling Increase Cardiorespiratory Fitness?},
  shorttitle = {Experiences from a Randomised, Controlled Trial on Cycling to School},
  author = {B{\o}rrestad, Line A.B. and {\O}stergaard, Lars and Andersen, Lars B. and Bere, Elling},
  year = {2012},
  month = may,
  journal = {Scandinavian Journal of Public Health},
  volume = {40},
  number = {3},
  pages = {245--252},
  publisher = {{SAGE Publications Ltd STM}},
  issn = {1403-4948},
  doi = {10.1177/1403494812443606}
}

@article{brunsdonOpeningPracticeSupporting2020,
  title = {Opening Practice: Supporting Reproducibility and Critical Spatial Data Science},
  shorttitle = {Opening Practice},
  author = {Brunsdon, Chris and Comber, Alexis},
  year = {2020},
  month = aug,
  journal = {Journal of Geographical Systems},
  issn = {1435-5949},
  doi = {10.1007/s10109-020-00334-2}
}

@article{buliungLivingJourneySchool2021,
  title = {Living the Journey to School: Conceptual Asymmetry between Parents and Planners on the Journey to School},
  shorttitle = {Living the Journey to School},
  author = {Buliung, Ronald and Hess, Paul and Flowers, Lori and Moola, Fiona J. and Faulkner, Guy},
  year = {2021},
  month = sep,
  journal = {Social Science \& Medicine},
  volume = {284},
  pages = {114237},
  issn = {0277-9536},
  doi = {10.1016/j.socscimed.2021.114237}
}

@article{buliungSchoolTravelPlanning2011,
  title = {School {{Travel Planning}}: Mobilizing {{School}} and {{Community Resources}} to {{Encourage Active School Transportation}}},
  shorttitle = {School {{Travel Planning}}},
  author = {Buliung, Ron and Faulkner, Guy and Beesley, Theresa and Kennedy, Jacky},
  year = {2011},
  journal = {Journal of School Health},
  volume = {81},
  number = {11},
  pages = {704--712},
  publisher = {{Blackwell Publishing Ltd}},
  issn = {0022-4391},
  doi = {10.1111/j.1746-1561.2011.00647.x}
}

@article{buttazzoniPromotingActiveSchool2019,
  title = {Promoting Active School Travel in Elementary Schools: A Regional Case Study of the School Travel Planning Intervention},
  shorttitle = {Promoting Active School Travel in Elementary Schools},
  author = {Buttazzoni, Adrian N. and Clark, Andrew F. and Seabrook, Jamie A. and Gilliland, Jason A.},
  year = {2019},
  month = mar,
  journal = {Journal of Transport \& Health},
  volume = {12},
  pages = {206--219},
  issn = {2214-1405},
  doi = {10.1016/j.jth.2019.01.007}
}

@article{buttazzoniSupportingActiveSchool2018,
  title = {Supporting Active School Travel: A Qualitative Analysis of Implementing a Regional Safe Routes to School Program},
  shorttitle = {Supporting Active School Travel},
  author = {Buttazzoni, Adrian N. and Coen, Stephanie E. and Gilliland, Jason A.},
  year = {2018},
  month = sep,
  journal = {Social Science \& Medicine},
  volume = {212},
  pages = {181--190},
  issn = {0277-9536},
  doi = {10.1016/j.socscimed.2018.07.032}
}

@article{chenPromotingActiveStudent2018,
  title = {Promoting Active Student Travel: A Longitudinal Study},
  author = {Chen, Peng and Jiao, Junfeng and Xu, Mengyuan and Gao, Xu and Bischak, Chris},
  year = {2018},
  month = jun,
  journal = {Journal of Transport Geography},
  volume = {70},
  pages = {265--274},
  issn = {0966-6923},
  doi = {10.1016/j.jtrangeo.2018.06.015}
}

@article{collinsSafeJourneysEnterprising2001,
  title = {The Safe Journeys of an Enterprising School: Negotiating Landscapes of Opportunity and Risk},
  shorttitle = {The Safe Journeys of an Enterprising School},
  author = {Collins, Damian C. A and Kearns, Robin A},
  year = {2001},
  month = dec,
  journal = {Health \& Place},
  volume = {7},
  number = {4},
  pages = {293--306},
  issn = {1353-8292},
  doi = {10.1016/S1353-8292(01)00021-1}
}

@article{demeesterParentalPerceivedNeighborhood2014,
  title = {Parental Perceived Neighborhood Attributes: Associations with Active Transport and Physical Activity among 10-12 Year Old Children and the Mediating Role of Independent Mobility},
  shorttitle = {Parental Perceived Neighborhood Attributes},
  author = {De Meester, Femke and Van Dyck, Delfien and De Bourdeaudhuij, Ilse and Cardon, Greet},
  year = {2014},
  month = jun,
  journal = {BMC public health},
  volume = {14},
  pages = {631},
  issn = {1471-2458},
  doi = {10.1186/1471-2458-14-631}
}

@article{depouxCommunicatingClimateChange2017,
  title = {Communicating Climate Change and Health in the Media},
  author = {Depoux, Anneliese and H{\'e}mono, Mathieu and {Puig-Malet}, Sophie and P{\'e}dron, Romain and Flahault, Antoine},
  year = {2017},
  month = feb,
  journal = {Public Health Reviews},
  volume = {38},
  number = {1},
  pages = {7},
  issn = {2107-6952},
  doi = {10.1186/s40985-016-0044-1}
}

@article{eversParentSafetyPerceptions2014,
  title = {Parent Safety Perceptions of Child Walking Routes},
  author = {Evers, Cody and Boles, Shawn and {Johnson-Shelton}, Deb and Schlossberg, Marc and Richey, David},
  year = {2014},
  month = jun,
  journal = {Journal of Transport \& Health},
  volume = {1},
  number = {2},
  pages = {108--115},
  issn = {2214-1405},
  doi = {10.1016/j.jth.2014.03.003}
}

@article{faulknerActiveSchoolTransport2009,
  title = {Active School Transport, Physical Activity Levels and Body Weight of Children and Youth: A Systematic Review},
  shorttitle = {Active School Transport, Physical Activity Levels and Body Weight of Children and Youth},
  author = {Faulkner, Guy E. J. and Buliung, Ron N. and Flora, Parminder K. and Fusco, Caroline},
  year = {2009},
  month = jan,
  journal = {Preventive Medicine},
  volume = {48},
  number = {1},
  pages = {3--8},
  issn = {1096-0260},
  doi = {10.1016/j.ypmed.2008.10.017}
}

@article{faulknerSchoolTravelChildren2013,
  title = {School Travel and Children's Physical Activity: A Cross-Sectional Study Examining the Influence of Distance},
  shorttitle = {School Travel and Children's Physical Activity},
  author = {Faulkner, Guy and Stone, Michelle and Buliung, Ron and Wong, Bonny and Mitra, Raktim},
  year = {2013},
  month = dec,
  journal = {BMC public health},
  volume = {13},
  pages = {1166},
  issn = {1471-2458},
  doi = {10.1186/1471-2458-13-1166}
}

@article{fuscoUnderstandingChildrenPerceptions2012,
  title = {Toward an Understanding of Children's Perceptions of Their Transport Geographies: (Non)Active School Travel and Visual Representations of the Built Environment},
  shorttitle = {Toward an Understanding of Children's Perceptions of Their Transport Geographies},
  author = {Fusco, Caroline and Moola, Fiona and Faulkner, Guy and Buliung, Ron and Richichi, Vanessa},
  year = {2012},
  month = jan,
  journal = {Journal of Transport Geography},
  series = {Special {{Section On Child}} \& {{Youth Mobility}}},
  volume = {20},
  number = {1},
  pages = {62--70},
  issn = {0966-6923},
  doi = {10.1016/j.jtrangeo.2011.07.001}
}
  
@book{gamsonChangingCulture1987,
  title = {The changing culture of affirmative action},
  booktitle = {Research in political sociology},
  author = {Gamson, William A. and Modigliani, Andre},
  editor = {Braungart, R. G. and Braungart, M. M.},
  year = {1987},
  pages = {137--177},
  publisher = {JAI Press}
}

@book{goffmanFrameAnalysisEssay1974,
  title = {Frame Analysis: An Essay on the Organization of Experience},
  shorttitle = {Frame Analysis},
  author = {Goffman, Erving},
  year = {1974},
  series = {Frame Analysis: An Essay on the Organization of Experience},
  pages = {ix, 586},
  publisher = {{Harvard University Press}},
  address = {{Cambridge, MA, US}}
}

@article{ikedaAssociationsChildrenActive2018,
  title = {Associations of Children's Active School Travel with Perceptions of the Physical Environment and Characteristics of the Social Environment: A Systematic Review},
  shorttitle = {Associations of Children's Active School Travel with Perceptions of the Physical Environment and Characteristics of the Social Environment},
  author = {Ikeda, Erika and Hinckson, Erica and Witten, Karen and Smith, Melody},
  year = {2018},
  month = nov,
  journal = {Health \& Place},
  volume = {54},
  pages = {118--131},
  issn = {1873-2054},
  doi = {10.1016/j.healthplace.2018.09.009}
}

@article{jacobiQuantitativeAnalysisLarge2016,
  title = {Quantitative Analysis of Large Amounts of Journalistic Texts Using Topic Modelling},
  author = {Jacobi, Carina and {van Atteveldt}, Wouter and Welbers, Kasper},
  year = {2016},
  month = jan,
  journal = {Digital Journalism},
  volume = {4},
  number = {1},
  pages = {89--106},
  publisher = {{Routledge}},
  issn = {2167-0811},
  doi = {10.1080/21670811.2015.1093271}
}

@article{jensenHowObtainHealthy2008,
  title = {How to Obtain a Healthy Journey to School},
  author = {Jensen, S{\o}ren Underlien},
  year = {2008},
  month = mar,
  journal = {Transportation Research Part A: Policy and Practice},
  volume = {42},
  number = {3},
  pages = {475--486},
  issn = {0965-8564},
  doi = {10.1016/j.tra.2007.12.001}
}

@book{kingdonAgendasAlternativesPublic1984,
  title = {Agendas, Alternatives and Public Policies},
  booktitle = {Agendas, Alternatives and Public Policies},
  editor = {Kingdon, John W.},
  year = {1984},
  publisher = {Pearson}
}

@article{langUnderstandingModalChoice2011,
  title = {Understanding Modal Choice for the Trip to School},
  author = {Lang, Debbie and Collins, Damian and Kearns, Robin},
  year = {2011},
  month = jul,
  journal = {Journal of Transport Geography},
  volume = {19},
  number = {4},
  pages = {509--514},
  issn = {0966-6923},
  doi = {10.1016/j.jtrangeo.2010.05.005}
}

@article{laroucheRatherBikeSchool2016,
  title = {''{{I}}'d Rather Bike to School!'': Profiling Children Who Would Prefer to Cycle to School},
  author = {Larouche, Richard and Stone, Michelle and Buliung, Ron N. and Faulkner, Guy},
  year = {2016},
  month = sep,
  journal = {Journal of Transport \& Health},
  volume = {3},
  number = {3},
  pages = {377--385},
  issn = {2214-1405},
  doi = {10.1016/j.jth.2016.06.010}
}

@article{larsenRouteBasedAnalysisCapture2012,
  title = {Route-{{Based Analysis}} to {{Capture}} the {{Environmental Influences}} on a {{Child}}'s {{Mode}} of {{Travel}} between {{Home}} and {{School}}},
  author = {Larsen, Kristian and Gilliland, Jason and Hess, Paul M.},
  year = {2012},
  month = nov,
  journal = {Annals of the Association of American Geographers},
  volume = {102},
  number = {6},
  pages = {1348--1365},
  publisher = {{Routledge}},
  issn = {0004-5608},
  doi = {10.1080/00045608.2011.627059}
}

@article{mahFramecriticalPolicyAnalysis2014,
  title = {A Frame-Critical Policy Analysis of {{Canada}}'s Response to the {{World Food Summit}} 1998\textendash 2008},
  author = {Mah, Catherine L. and Hamill, Catherine and Rondeau, Krista and McIntyre, Lynn},
  year = {2014},
  month = nov,
  journal = {Archives of Public Health},
  volume = {72},
  number = {1},
  pages = {41},
  issn = {2049-3258},
  doi = {10.1186/2049-3258-72-41}
}

@article{maibachReframingClimateChange2010,
  title = {Reframing Climate Change as a Public Health Issue: An Exploratory Study of Public Reactions},
  shorttitle = {Reframing Climate Change as a Public Health Issue},
  author = {Maibach, Edward W. and Nisbet, Matthew and Baldwin, Paula and Akerlof, Karen and Diao, Guoqing},
  year = {2010},
  month = dec,
  journal = {BMC Public Health},
  volume = {10},
  number = {1},
  pages = {1--11},
  publisher = {{BioMed Central}},
  issn = {1471-2458},
  doi = {10.1186/1471-2458-10-299}
}

@article{mammenActiveSchoolTravel2014,
  title = {Active School Travel: An Evaluation of the {{Canadian}} School Travel Planning Intervention},
  shorttitle = {Active School Travel},
  author = {Mammen, George and Stone, Michelle R. and Faulkner, Guy and Ramanathan, Subha and Buliung, Ron and O'Brien, Catherine and Kennedy, Jacky},
  year = {2014},
  month = mar,
  journal = {Preventive Medicine},
  volume = {60},
  pages = {55--59},
  issn = {0091-7435},
  doi = {10.1016/j.ypmed.2013.12.008}
}

@article{mammenPuttingSchoolTravel2015,
  title = {''{{Putting}} School Travel on the Map'': Facilitators and Barriers to Implementing School Travel Planning in {{Canada}}},
  shorttitle = {''{{Putting}} School Travel on the Map''},
  author = {Mammen, George and Stone, Michelle R. and Buliung, Ron and Faulkner, Guy},
  year = {2015},
  month = sep,
  journal = {Journal of Transport \& Health},
  volume = {2},
  number = {3},
  pages = {318--326},
  issn = {2214-1405},
  doi = {10.1016/j.jth.2015.05.003}
}

@article{mammenSchoolTravelPlanning2014,
  title = {School Travel Planning in {{Canada}}: Identifying Child, Family, and School-Level Characteristics Associated with Travel Mode Shift from Driving to Active School Travel},
  shorttitle = {School Travel Planning in {{Canada}}},
  author = {Mammen, George and Stone, Michelle R. and Buliung, Ron and Faulkner, Guy},
  year = {2014},
  month = dec,
  journal = {Journal of Transport \& Health},
  series = {Walking \& {{Cycling}}: The Contributions of Health and Transport Geography},
  volume = {1},
  number = {4},
  pages = {288--294},
  issn = {2214-1405},
  doi = {10.1016/j.jth.2014.09.004}
}

@article{mammenUnderstandingDriveEscort2012,
  title = {Understanding the Drive to Escort: A Cross-Sectional Analysis Examining Parental Attitudes towards Children's School Travel and Independent Mobility},
  shorttitle = {Understanding the Drive to Escort},
  author = {Mammen, George and Faulkner, Guy and Buliung, Ron and Lay, Jennifer},
  year = {2012},
  month = oct,
  journal = {BMC public health},
  volume = {12},
  pages = {862},
  issn = {1471-2458},
  doi = {10.1186/1471-2458-12-862}
}

@article{michailChildrenExperiencesTheir2021,
  title = {Children's {{Experiences}} of {{Their Journey}} to {{School}}: Integrating {{Behaviour Change Frameworks}} to {{Inform}} the {{Role}} of the {{Built Environment}} in {{Active School Travel Promotion}}},
  shorttitle = {Children's {{Experiences}} of {{Their Journey}} to {{School}}},
  author = {Michail, Nafsika and Ozbil, Ayse and Parnell, Rosie and Wilkie, Stephanie},
  year = {2021},
  month = jan,
  journal = {International Journal of Environmental Research and Public Health},
  volume = {18},
  number = {9},
  pages = {4992},
  publisher = {{Multidisciplinary Digital Publishing Institute}},
  doi = {10.3390/ijerph18094992}
}

@article{mitraIndependentMobilityMode2013,
  title = {Independent {{Mobility}} and {{Mode Choice}} for {{School Transportation}}: A {{Review}} and {{Framework}} for {{Future Research}}},
  shorttitle = {Independent {{Mobility}} and {{Mode Choice}} for {{School Transportation}}},
  author = {Mitra, Raktim},
  year = {2013},
  month = jan,
  journal = {Transport Reviews},
  volume = {33},
  number = {1},
  pages = {21--43},
  publisher = {{Routledge}},
  issn = {0144-1647},
  doi = {10.1080/01441647.2012.743490}
}

@article{panFramingAnalysisApproach1993,
  title = {Framing Analysis: An Approach to News Discourse},
  shorttitle = {Framing Analysis},
  author = {Pan, Zhongdang and Kosicki, Gerald M.},
  year = {1993},
  month = jan,
  journal = {Political Communication},
  volume = {10},
  number = {1},
  pages = {55--75},
  publisher = {{Routledge}},
  issn = {1058-4609},
  doi = {10.1080/10584609.1993.9962963}
}

@article{panterAttitudesSocialSupport2010,
  title = {Attitudes, Social Support and Environmental Perceptions as Predictors of Active Commuting Behaviour in School Children},
  author = {Panter, J. R. and Jones, A. P. and van Sluijs, E. M. F. and Griffin, S. J.},
  year = {2010},
  month = jan,
  journal = {Journal of Epidemiology \& Community Health},
  volume = {64},
  number = {01},
  pages = {41--48},
  publisher = {{BMJ Publishing Group Ltd}},
  issn = {0143-005X, 1470-2738},
  doi = {10.1136/jech.2009.086918}
}

@article{pontEnvironmentalCorrelatesChildren2009,
  title = {Environmental Correlates of Children's Active Transportation: A Systematic Literature Review},
  shorttitle = {Environmental Correlates of Children's Active Transportation},
  author = {Pont, Karina and Ziviani, Jenny and Wadley, David and Bennett, Sally and Abbott, Rebecca},
  year = {2009},
  month = sep,
  journal = {Health \& Place},
  volume = {15},
  number = {3},
  pages = {849--862},
  issn = {1353-8292},
  doi = {10.1016/j.healthplace.2009.02.002}
}

@article{reynardGrowthResilienceHow2021,
  title = {Growth over Resilience: How {{Canadian}} Municipalities Frame the Challenge of Reducing Carbon Emissions},
  shorttitle = {Growth over Resilience},
  author = {Reynard, Darcy and Collins, Damian and Shirgaokar, Manish},
  year = {2021},
  month = feb,
  journal = {Local Environment},
  volume = {0},
  number = {0},
  pages = {1--13},
  publisher = {{Routledge}},
  issn = {1354-9839},
  doi = {10.1080/13549839.2021.1892046}
}

@article{riaziCorrelatesChildrenIndependent2019,
  title = {Correlates of {{Children}}'s {{Independent Mobility}} in {{Canada}}: A {{Multi}}-{{Site Study}}},
  shorttitle = {Correlates of {{Children}}'s {{Independent Mobility}} in {{Canada}}},
  author = {Riazi, Negin A. and Blanchette, S{\'e}bastien and Trudeau, Fran{\c c}ois and Larouche, Richard and Tremblay, Mark S. and Faulkner, Guy},
  year = {2019},
  month = aug,
  journal = {International Journal of Environmental Research and Public Health},
  volume = {16},
  number = {16},
  issn = {1660-4601},
  doi = {10.3390/ijerph16162862}
}

@article{romeroChildrenExperiencesEnjoyment2015,
  title = {{{Children}}'s Experiences: Enjoyment and Fun as Additional Encouragement for Walking to School},
  shorttitle = {{{Children}}'s Experiences},
  author = {Romero, Vivian},
  year = {2015},
  month = jun,
  journal = {Journal of Transport \& Health},
  volume = {2},
  number = {2},
  pages = {230--237},
  issn = {2214-1405},
  doi = {10.1016/j.jth.2015.01.002}
}

@article{rothmanActiveSchoolTransportation2021,
  title = {Active School Transportation and the Built Environment across {{Canadian}} Cities: Findings from the Child Active Transportation Safety and the Environment ({{CHASE}}) Study},
  shorttitle = {Active School Transportation and the Built Environment across {{Canadian}} Cities},
  author = {Rothman, Linda and Hagel, Brent and Howard, Andrew and Cloutier, Marie Soleil and Macpherson, Alison and Aguirre, Alberto Nettel and McCormack, Gavin R. and Fuselli, Pamela and Buliung, Ron and HubkaRao, Tate and Ling, Rebecca and Zanotto, Moreno and Rancourt, Mathieu and Winters, Meghan},
  year = {2021},
  month = may,
  journal = {Preventive Medicine},
  volume = {146},
  pages = {106470},
  issn = {0091-7435},
  doi = {10.1016/j.ypmed.2021.106470}
}

@article{rothmanAssociationsParentsPerception2015,
  title = {Associations between Parents' Perception of Traffic Danger, the Built Environment and Walking to School},
  author = {Rothman, Linda and Buliung, Ron and To, Teresa and Macarthur, Colin and Macpherson, Alison and Howard, Andrew},
  year = {2015},
  month = sep,
  journal = {Journal of Transport \& Health},
  volume = {2},
  number = {3},
  pages = {327--335},
  issn = {2214-1405},
  doi = {10.1016/j.jth.2015.05.004}
}

@article{rothmanDeclineActiveSchool2018,
  title = {The Decline in Active School Transportation ({{AST}}): A Systematic Review of the Factors Related to {{AST}} and Changes in School Transport over Time in {{North America}}},
  shorttitle = {The Decline in Active School Transportation ({{AST}})},
  author = {Rothman, Linda and Macpherson, Alison K. and Ross, Timothy and Buliung, Ron N.},
  year = {2018},
  month = jun,
  journal = {Preventive Medicine},
  volume = {111},
  pages = {314--322},
  issn = {1096-0260},
  doi = {10.1016/j.ypmed.2017.11.018}
}

@article{rothmanSchoolEnvironmentStudent2017,
  title = {The School Environment and Student Car Drop-off at Elementary Schools},
  author = {Rothman, Linda and Buliung, Ron and Howard, Andrew and Macarthur, Colin and Macpherson, Alison},
  year = {2017},
  month = oct,
  journal = {Travel Behaviour and Society},
  volume = {9},
  pages = {50--57},
  issn = {2214-367X},
  doi = {10.1016/j.tbs.2017.03.001}
}

@article{schoeppeAssociationsChildrenActive2015,
  title = {Associations between Children's Active Travel and Levels of Physical Activity and Sedentary Behavior},
  author = {Schoeppe, Stephanie and Duncan, Mitch J and Badland, Hannah M and Oliver, Melody and Browne, Matthew},
  year = {2015},
  month = sep,
  journal = {Journal of Transport \& Health},
  volume = {2},
  number = {3},
  pages = {336--342},
  issn = {2214-1405},
  doi = {10.1016/j.jth.2015.05.001}
}

@book{silgeTextMining2021,
  title = {Text {{Mining}} with {{R}}},
  author = {Silge, Julia and Robinson, David},
  year = {2021},
  abstract = {A guide to text analysis within the tidy data framework, using the tidytext package and other tidy tools},
  langid = {english}
}

@article{starkExploringIndependentActive2018,
  title = {Exploring Independent and Active Mobility in Primary School Children in {{Vienna}}},
  author = {Stark, Juliane and Fr{\"u}hwirth, Julia and Aschauer, Florian},
  year = {2018},
  month = apr,
  journal = {Journal of Transport Geography},
  volume = {68},
  pages = {31--41},
  issn = {0966-6923},
  doi = {10.1016/j.jtrangeo.2018.02.007}
}

@article{vandenbergFactorsAffectingParental2020,
  title = {Factors Affecting Parental Safety Perception, Satisfaction with School Travel and Mood in Primary School Children in the {{Netherlands}}},
  author = {{van den Berg}, Pauline and Waygood, E. Owen D. and {van de Craats}, Iris and Kemperman, Astrid},
  year = {2020},
  month = mar,
  journal = {Journal of Transport \& Health},
  volume = {16},
  pages = {100837},
  issn = {2214-1405},
  doi = {10.1016/j.jth.2020.100837}
}

@article{vangoeverdenSchoolTravelBehaviour2013,
  title = {School Travel Behaviour in the {{Netherlands}} and {{Flanders}}},
  author = {{van Goeverden}, C. D. and {de Boer}, E.},
  year = {2013},
  month = mar,
  journal = {Transport Policy},
  series = {''{{Understanding}} Behavioural Change: An International Perspective on Sustainable Travel Behaviours and Their Motivations'': Selected {{Papers}} from the 12th {{World Conference}} on {{Transportation Research}}},
  volume = {26},
  pages = {73--84},
  issn = {0967-070X},
  doi = {10.1016/j.tranpol.2013.01.004}
}

@article{waygoodChildrenTravelIncidental2015,
  title = {Children's Travel and Incidental Community Connections},
  author = {Waygood, E. O. D. and Friman, Margareta},
  year = {2015},
  month = sep,
  journal = {Travel Behaviour and Society},
  volume = {2},
  number = {3},
  pages = {174--181},
  issn = {2214-367X},
  doi = {10.1016/j.tbs.2015.03.003}
}

@incollection{waygoodJapanMaintainingHigh2020,
  title = {Japan: Maintaining High Levels of Walking},
  shorttitle = {Chapter {{Sixteen}} - {{Japan}}},
  booktitle = {Transport and {{Children}}'s {{Wellbeing}}},
  author = {Waygood, E. Owen D. and Taniguchi, Ayako},
  editor = {Waygood, E. Owen D. and Friman, Margareta and Olsson, Lars E. and Mitra, Raktim},
  year = {2020},
  month = jan,
  pages = {297--316},
  publisher = {{Elsevier}},
  doi = {10.1016/B978-0-12-814694-1.00016-6}
}

@incollection{waygoodTransportChildrenWellbeing2020,
  title = {Transport and {{Children}}'s {{Wellbeing}}},
  booktitle = {Transport and {{Children}}'s {{Wellbeing}}},
  editor = {Waygood, E. Owen D. and Friman, Margareta and Olsson, Lars E. and Mitra, Raktim},
  year = {2020},
  month = jan,
  pages = {i-ii},
  publisher = {{Elsevier}},
  doi = {10.1016/B978-0-12-814694-1.09993-0}
}

@article{weathersDevelopmentsFramingClimate2016,
  title = {Developments in the {{Framing}} of {{Climate Change}} as a {{Public Health Issue}} in {{US Newspapers}}},
  author = {Weathers, Melinda R. and Kendall, Brenden E.},
  year = {2016},
  month = sep,
  journal = {Environmental Communication},
  volume = {10},
  number = {5},
  pages = {593--611},
  publisher = {{Routledge}},
  issn = {1752-4032},
  doi = {10.1080/17524032.2015.1050436}
}

@article{westmanChildrenTravelSchool2017,
  title = {Children's Travel to School: Satisfaction, Current Mood, and Cognitive Performance},
  shorttitle = {Children's Travel to School},
  author = {Westman, Jessica and Olsson, Lars E. and G{\"a}rling, Tommy and Friman, Margareta},
  year = {2017},
  month = nov,
  journal = {Transportation},
  volume = {44},
  number = {6},
  pages = {1365--1382},
  issn = {1572-9435},
  doi = {10.1007/s11116-016-9705-7}
}

@incollection{westmanTravelChildWellbeing2020,
  title = {Travel and Child Wellbeing: The Psychological and Cognitive Domains},
  shorttitle = {Chapter {{Three}} - {{Travel}} and Child Wellbeing},
  booktitle = {Transport and {{Children}}'s {{Wellbeing}}},
  author = {Westman, Jessica and Friman, Margareta and Olsson, Lars E.},
  editor = {Waygood, E. Owen D. and Friman, Margareta and Olsson, Lars E. and Mitra, Raktim},
  year = {2020},
  month = jan,
  pages = {41--59},
  publisher = {{Elsevier}},
  doi = {10.1016/B978-0-12-814694-1.00003-8}
}

@article{westmanWhatDrivesThem2017,
  title = {What {{Drives Them}} to {{Drive}}?\textemdash{{Parents}}' {{Reasons}} for {{Choosing}} the {{Car}} to {{Take Their Children}} to {{School}}},
  shorttitle = {What {{Drives Them}} to {{Drive}}?},
  author = {Westman, Jessica and Friman, Margareta and Olsson, Lars E.},
  year = {2017},
  month = nov,
  journal = {Frontiers in Psychology},
  volume = {8},
  issn = {1664-1078},
  doi = {10.3389/fpsyg.2017.01970}
}

@article{wilsonUnderstandingChildParent2018,
  title = {Understanding Child and Parent Perceptions of Barriers Influencing Children's Active School Travel},
  author = {Wilson, Katherine and Clark, Andrew F. and Gilliland, Jason A.},
  year = {2018},
  month = aug,
  journal = {BMC public health},
  volume = {18},
  number = {1},
  pages = {1053},
  issn = {1471-2458},
  doi = {10.1186/s12889-018-5874-y}
}

@article{zwertsHowChildrenView2010,
  title = {How Children View Their Travel Behaviour: A Case Study from {{Flanders}} ({{Belgium}})},
  author = {Zwerts, Enid and Allaert, Georges and Janssens, Davy and Wets, Geert and Witlox, Frank},
  year = {2010},
  month = nov,
  journal = {Journal of Transport Geography},
  volume = {18},
  number = {6},
  pages = {702--710},
  issn = {0966-6923},
  doi = {10.1016/j.jtrangeo.2009.10.002}
}


